<?xml version="1.0" encoding="UTF-8"?>
  <record xmlns="http://www.loc.gov/MARC21/slim" type="Authority">
    <leader>00000nz  a2200000nc 4500</leader>
    <controlfield tag="001">1004502907</controlfield>
    <controlfield tag="003">DE-101</controlfield>
    <controlfield tag="005">20210927201547.0</controlfield>
    <controlfield tag="008">100617n||aznnnaabn           | ana    |c</controlfield>
    <datafield tag="024" ind1="7" ind2=" ">
      <subfield code="a">6146204-4</subfield>
      <subfield code="0">http://d-nb.info/gnd/6146204-4</subfield>
      <subfield code="2">gnd</subfield>
    </datafield>
    <datafield tag="035" ind1=" " ind2=" ">
      <subfield code="a">(DE-101)1004502907</subfield>
    </datafield>
    <datafield tag="035" ind1=" " ind2=" ">
      <subfield code="a">(DE-588)6146204-4</subfield>
    </datafield>
    <datafield tag="035" ind1=" " ind2=" ">
      <subfield code="z">(DE-588b)6146204-4</subfield>
      <subfield code="9">v:zg</subfield>
    </datafield>
    <datafield tag="040" ind1=" " ind2=" ">
      <subfield code="a">DE-601</subfield>
      <subfield code="c">DE-601</subfield>
      <subfield code="9">r:DE-1</subfield>
      <subfield code="b">ger</subfield>
      <subfield code="d">1210</subfield>
      <subfield code="e">rda</subfield>
    </datafield>
    <datafield tag="042" ind1=" " ind2=" ">
      <subfield code="a">gnd1</subfield>
    </datafield>
    <datafield tag="043" ind1=" " ind2=" ">
      <subfield code="c">XA-DXDE</subfield>
    </datafield>
    <datafield tag="065" ind1=" " ind2=" ">
      <subfield code="a">2.2</subfield>
      <subfield code="2">sswd</subfield>
    </datafield>
    <datafield tag="065" ind1=" " ind2=" ">
      <subfield code="a">10.12b</subfield>
      <subfield code="2">sswd</subfield>
    </datafield>
    <datafield tag="065" ind1=" " ind2=" ">
      <subfield code="a">31.14</subfield>
      <subfield code="2">sswd</subfield>
    </datafield>
    <datafield tag="075" ind1=" " ind2=" ">
      <subfield code="b">b</subfield>
      <subfield code="2">gndgen</subfield>
    </datafield>
    <datafield tag="075" ind1=" " ind2=" ">
      <subfield code="b">kiz</subfield>
      <subfield code="2">gndspec</subfield>
    </datafield>
    <datafield tag="079" ind1=" " ind2=" ">
      <subfield code="a">g</subfield>
      <subfield code="q">f</subfield>
      <subfield code="u">r</subfield>
    </datafield>
    <datafield tag="110" ind1="2" ind2=" ">
      <subfield code="a">Andreas Wechel Erben</subfield>
    </datafield>
    <datafield tag="410" ind1="2" ind2=" ">
      <subfield code="a">Andreas Wechelus Haeredes</subfield>
    </datafield>
    <datafield tag="410" ind1="2" ind2=" ">
      <subfield code="a">Andreas Wechelus Heredes</subfield>
    </datafield>
    <datafield tag="410" ind1="2" ind2=" ">
      <subfield code="a">Andreas Wechelius Heredes</subfield>
    </datafield>
    <datafield tag="410" ind1="2" ind2=" ">
      <subfield code="a">Andres Wechel Erben</subfield>
    </datafield>
    <datafield tag="410" ind1="2" ind2=" ">
      <subfield code="a">Typi Wecheliani</subfield>
    </datafield>
    <datafield tag="410" ind1="2" ind2=" ">
      <subfield code="a">Typis Wechelianis</subfield>
    </datafield>
    <datafield tag="410" ind1="2" ind2=" ">
      <subfield code="a">Wechelianis</subfield>
    </datafield>
    <datafield tag="410" ind1="2" ind2=" ">
      <subfield code="a">Wecheliani</subfield>
    </datafield>
    <datafield tag="410" ind1="2" ind2=" ">
      <subfield code="a">Officina Wecheliana</subfield>
    </datafield>
    <datafield tag="410" ind1="2" ind2=" ">
      <subfield code="a">Heredes Wecheliani</subfield>
    </datafield>
    <datafield tag="410" ind1="2" ind2=" ">
      <subfield code="a">Wechelische Truckerey</subfield>
    </datafield>
    <datafield tag="410" ind1="2" ind2=" ">
      <subfield code="a">Typis &amp; Sumptibus Wechelianis</subfield>
    </datafield>
    <datafield tag="410" ind1="2" ind2=" ">
      <subfield code="a">Typi &amp; Sumptus Wecheliani</subfield>
    </datafield>
    <datafield tag="410" ind1="2" ind2=" ">
      <subfield code="a">Claude de Marne &amp; Johann Aubry</subfield>
    </datafield>
    <datafield tag="410" ind1="2" ind2=" ">
      <subfield code="a">Haeredes Andreae Wecheli</subfield>
    </datafield>
    <datafield tag="500" ind1="1" ind2=" ">
      <subfield code="0">(DE-101)119865130</subfield>
      <subfield code="0">(DE-588)119865130</subfield>
      <subfield code="0">https://d-nb.info/gnd/119865130</subfield>
      <subfield code="a">Wechel, Andreas</subfield>
      <subfield code="d">1510-1581</subfield>
      <subfield code="4">befr</subfield>
      <subfield code="4">https://d-nb.info/standards/elementset/gnd#formerOwner</subfield>
      <subfield code="w">r</subfield>
      <subfield code="i">Frueherer Besitzer</subfield>
      <subfield code="e">Frueherer Besitzer</subfield>
      <subfield code="9">v:Vorbesitzer</subfield>
    </datafield>
    <datafield tag="500" ind1="1" ind2=" ">
      <subfield code="0">(DE-101)119642328</subfield>
      <subfield code="0">(DE-588)119642328</subfield>
      <subfield code="0">https://d-nb.info/gnd/119642328</subfield>
      <subfield code="a">Marne, Claude &#152;de&#156;</subfield>
      <subfield code="d">-1610</subfield>
      <subfield code="4">besi</subfield>
      <subfield code="4">https://d-nb.info/standards/elementset/gnd#owner</subfield>
      <subfield code="w">r</subfield>
      <subfield code="i">Besitzer</subfield>
      <subfield code="e">Besitzer</subfield>
      <subfield code="9">v:Eigentümer</subfield>
      <subfield code="9">Z:-1610</subfield>
    </datafield>
    <datafield tag="500" ind1="1" ind2=" ">
      <subfield code="0">(DE-101)119610361</subfield>
      <subfield code="0">(DE-588)119610361</subfield>
      <subfield code="0">https://d-nb.info/gnd/119610361</subfield>
      <subfield code="a">Aubry, Johann</subfield>
      <subfield code="d">15XX-1600</subfield>
      <subfield code="4">besi</subfield>
      <subfield code="4">https://d-nb.info/standards/elementset/gnd#owner</subfield>
      <subfield code="w">r</subfield>
      <subfield code="i">Besitzer</subfield>
      <subfield code="e">Besitzer</subfield>
      <subfield code="9">v:Eigentümer</subfield>
      <subfield code="9">Z:-1596</subfield>
    </datafield>
    <datafield tag="510" ind1="2" ind2=" ">
      <subfield code="0">(DE-101)1004504292</subfield>
      <subfield code="0">(DE-588)6146089-8</subfield>
      <subfield code="0">https://d-nb.info/gnd/6146089-8</subfield>
      <subfield code="a">Claude de Marne und Johann Aubry Erben</subfield>
      <subfield code="4">rela</subfield>
      <subfield code="4">https://d-nb.info/standards/elementset/gnd#relatedCorporateBody</subfield>
      <subfield code="w">r</subfield>
      <subfield code="i">Relation allgemein</subfield>
      <subfield code="e">Relation allgemein</subfield>
    </datafield>
    <datafield tag="510" ind1="2" ind2=" ">
      <subfield code="0">(DE-101)1080665315</subfield>
      <subfield code="0">(DE-588)1080665315</subfield>
      <subfield code="0">https://d-nb.info/gnd/1080665315</subfield>
      <subfield code="a">Claude de Marne Erben</subfield>
      <subfield code="4">rela</subfield>
      <subfield code="4">https://d-nb.info/standards/elementset/gnd#relatedCorporateBody</subfield>
      <subfield code="w">r</subfield>
      <subfield code="i">Relation allgemein</subfield>
      <subfield code="e">Relation allgemein</subfield>
    </datafield>
    <datafield tag="550" ind1=" " ind2=" ">
      <subfield code="0">(DE-101)041333330</subfield>
      <subfield code="0">(DE-588)4133333-0</subfield>
      <subfield code="0">https://d-nb.info/gnd/4133333-0</subfield>
      <subfield code="a">Druckerei</subfield>
      <subfield code="4">obin</subfield>
      <subfield code="4">https://d-nb.info/standards/elementset/gnd#broaderTermInstantial</subfield>
      <subfield code="w">r</subfield>
      <subfield code="i">Oberbegriff instantiell</subfield>
      <subfield code="9">Z:1581-1630</subfield>
    </datafield>
    <datafield tag="550" ind1=" " ind2=" ">
      <subfield code="0">(DE-101)040630048</subfield>
      <subfield code="0">(DE-588)4063004-3</subfield>
      <subfield code="0">https://d-nb.info/gnd/4063004-3</subfield>
      <subfield code="a">Verlag</subfield>
      <subfield code="4">obin</subfield>
      <subfield code="4">https://d-nb.info/standards/elementset/gnd#broaderTermInstantial</subfield>
      <subfield code="w">r</subfield>
      <subfield code="i">Oberbegriff instantiell</subfield>
      <subfield code="9">Z:1581-1630</subfield>
    </datafield>
    <datafield tag="551" ind1=" " ind2=" ">
      <subfield code="0">(DE-101)040232018</subfield>
      <subfield code="0">(DE-588)4023201-3</subfield>
      <subfield code="0">https://d-nb.info/gnd/4023201-3</subfield>
      <subfield code="a">Hanau</subfield>
      <subfield code="4">orta</subfield>
      <subfield code="4">https://d-nb.info/standards/elementset/gnd#placeOfBusiness</subfield>
      <subfield code="w">r</subfield>
      <subfield code="i">Ort</subfield>
      <subfield code="9">Z:1581-1630</subfield>
    </datafield>
    <datafield tag="551" ind1=" " ind2=" ">
      <subfield code="0">(DE-101)040181189</subfield>
      <subfield code="0">(DE-588)4018118-2</subfield>
      <subfield code="0">https://d-nb.info/gnd/4018118-2</subfield>
      <subfield code="a">Frankfurt am Main</subfield>
      <subfield code="4">orta</subfield>
      <subfield code="4">https://d-nb.info/standards/elementset/gnd#placeOfBusiness</subfield>
      <subfield code="w">r</subfield>
      <subfield code="i">Ort</subfield>
      <subfield code="9">Z:1581-1602</subfield>
    </datafield>
    <datafield tag="667" ind1=" " ind2=" ">
      <subfield code="a">VD-16</subfield>
    </datafield>
    <datafield tag="667" ind1=" " ind2=" ">
      <subfield code="a">VD-17</subfield>
    </datafield>
    <datafield tag="670" ind1=" " ind2=" ">
      <subfield code="a">CERL-Thesaurus</subfield>
    </datafield>
    <datafield tag="670" ind1=" " ind2=" ">
      <subfield code="a">Benzing ( Drucker) S. 127 f.</subfield>
    </datafield>
    <datafield tag="678" ind1=" " ind2=" ">
      <subfield code="b">Als Schwiegersöhne führten Claude de Marne (bis 1602 in Frankfurt, dann in Hanau) und Johann Aubry I. (bis 1596 in Frankfurt, dann in Basel) die Firma. Claude de Marne führte die Firma bis 1602 in Frankfurt, dann bis 1610 in Hanau weiter. Erscheinungsort der Drucke ist aber teilweise weiterhin Frankfurt. Ihm folgte sein Sohn Andreas de Marne. 1617 Übernahme des Betriebs in Frankfurt durch Daniel und David Aubry mit dem Partner Clemens Schleich aus Wittenberg.</subfield>
    </datafield>
    <datafield tag="913" ind1=" " ind2=" ">
      <subfield code="S">gkd</subfield>
      <subfield code="i">a</subfield>
      <subfield code="a">Andreas Wechel Erben &lt;Hanau; Frankfurt, Main&gt;</subfield>
      <subfield code="0">(DE-588b)6146204-4</subfield>
    </datafield>
  </record>
